@ARTICLE{Dunham2015,
   author = {{Dunham}, M.~M. and {Allen}, L.~E. and {Evans}, II, N.~J. and 
  {Broekhoven-Fiene}, H. and {Cieza}, L.~A. and {Di Francesco}, J. and 
  {Gutermuth}, R.~A. and {Harvey}, P.~M. and {Hatchell}, J. and 
  {Heiderman}, A. and {Huard}, T.~L. and {Johnstone}, D. and {Kirk}, J.~M. and 
  {Matthews}, B.~C. and {Miller}, J.~F. and {Peterson}, D.~E. and 
  {Young}, K.~E.},
    title = "{Young Stellar Objects in the Gould Belt}",
  journal = {\apjs},
archivePrefix = "arXiv",
   eprint = {1508.03199},
 keywords = {infrared: stars, ISM: clouds, stars: formation, stars: low-mass},
     year = 2015,
    month = sep,
   volume = 220,
      eid = {11},
    pages = {11},
      doi = {10.1088/0067-0049/220/1/11},
   adsurl = {http://adsabs.harvard.edu/abs/2015ApJS..220...11D},
  adsnote = {Provided by the SAO/NASA Astrophysics Data System}
}
@ARTICLE{Keto2015,
   author = {{Keto}, E. and {Caselli}, P. and {Rawlings}, J.},
    title = "{The dynamics of collapsing cores and star formation}",
  journal = {\mnras},
archivePrefix = "arXiv",
   eprint = {1410.5889},
 primaryClass = "astro-ph.SR",
 keywords = {ISM: abundances, ISM: clouds, ISM: evolution, ISM: individual objects: L1544, ISM: molecules},
     year = 2015,
    month = feb,
   volume = 446,
    pages = {3731-3740},
      doi = {10.1093/mnras/stu2247},
   adsurl = {http://adsabs.harvard.edu/abs/2015MNRAS.446.3731K},
  adsnote = {Provided by the SAO/NASA Astrophysics Data System}
}
@ARTICLE{Chira2014,
   author = {{Chira}, R.-A. and {Smith}, R.~J. and {Klessen}, R.~S. and {Stutz}, A.~M. and 
	{Shetty}, R.},
    title = "{Line Profiles of Cores within Clusters. III. What is the most reliable tracer of core collapse in dense clusters?}",
  journal = {ArXiv e-prints},
archivePrefix = "arXiv",
   eprint = {1402.5279},
 primaryClass = "astro-ph.SR",
 keywords = {Astrophysics - Solar and Stellar Astrophysics, Astrophysics - Galaxy Astrophysics},
     year = 2014,
    month = feb,
   adsurl = {http://adsabs.harvard.edu/abs/2014arXiv1402.5279C},
  adsnote = {Provided by the SAO/NASA Astrophysics Data System}
}
@ARTICLE{Schlafly2014,
   author = {{Schlafly}, E.~F. and {Green}, G. and {Finkbeiner}, D.~P. and 
  {Rix}, H.-W. and {Bell}, E.~F. and {Burgett}, W.~S. and {Chambers}, K.~C. and 
  {Draper}, P.~W. and {Hodapp}, K.~W. and {Kaiser}, N. and {Magnier}, E.~A. and 
  {Martin}, N.~F. and {Metcalfe}, N. and {Price}, P.~A. and {Tonry}, J.~L.
  },
    title = "{A Large Catalog of Accurate Distances to Molecular Clouds from PS1 Photometry}",
  journal = {\apj},
archivePrefix = "arXiv",
   eprint = {1403.3393},
 primaryClass = "astro-ph.GA",
 keywords = {dust, extinction, ISM: clouds },
     year = 2014,
    month = may,
   volume = 786,
      eid = {29},
    pages = {29},
      doi = {10.1088/0004-637X/786/1/29},
   adsurl = {http://adsabs.harvard.edu/abs/2014ApJ...786...29S},
  adsnote = {Provided by the SAO/NASA Astrophysics Data System}
}
@ARTICLE{Friesen2013,
   author = {{Friesen}, R.~K. and {Kirk}, H.~M. and {Shirley}, Y.~L.},
    title = "{An Analysis of the Deuterium Fractionation of Star-forming Cores in the Perseus Molecular Cloud}",
  journal = {\apj},
archivePrefix = "arXiv",
   eprint = {1301.1875},
 primaryClass = "astro-ph.SR",
 keywords = {ISM: kinematics and dynamics, ISM: molecules, ISM: structure, radio lines: ISM, stars: formation },
     year = 2013,
    month = mar,
   volume = 765,
      eid = {59},
    pages = {59},
      doi = {10.1088/0004-637X/765/1/59},
   adsurl = {http://adsabs.harvard.edu/abs/2013ApJ...765...59F},
  adsnote = {Provided by the SAO/NASA Astrophysics Data System}
}
@ARTICLE{Kauffmann2013,
   author = {{Kauffmann}, J. and {Pillai}, T. and {Goldsmith}, P.~F.},
    title = "{Low Virial Parameters in Molecular Clouds: Implications for High-mass Star Formation and Magnetic Fields}",
  journal = {\apj},
archivePrefix = "arXiv",
   eprint = {1308.5679},
 keywords = {ISM: clouds, methods: data analysis, stars: formation },
     year = 2013,
    month = dec,
   volume = 779,
      eid = {185},
    pages = {185},
      doi = {10.1088/0004-637X/779/2/185},
   adsurl = {http://adsabs.harvard.edu/abs/2013ApJ...779..185K},
  adsnote = {Provided by the SAO/NASA Astrophysics Data System}
}
@ARTICLE{Schnee2013,
   author = {{Schnee}, S. and {Brunetti}, N. and {Di Francesco}, J. and {Caselli}, P. and 
	{Friesen}, R. and {Johnstone}, D. and {Pon}, A.},
    title = "{Correlating Infall with Deuterium Fractionation in Dense Cores}",
  journal = {\apj},
archivePrefix = "arXiv",
   eprint = {1309.4103},
 primaryClass = "astro-ph.SR",
 keywords = {stars: formation, stars: protostars },
     year = 2013,
    month = nov,
   volume = 777,
      eid = {121},
    pages = {121},
      doi = {10.1088/0004-637X/777/2/121},
   adsurl = {http://adsabs.harvard.edu/abs/2013ApJ...777..121S},
  adsnote = {Provided by the SAO/NASA Astrophysics Data System}
}
@ARTICLE{Zapata2013,
   author = {{Zapata}, L.~A. and {Loinard}, L. and {Rodr{\'{\i}}guez}, L.~F. and 
  {Hern{\'a}ndez-Hern{\'a}ndez}, V. and {Takahashi}, S. and {Trejo}, A. and 
  {Parise}, B.},
    title = "{ALMA 690 GHz Observations of IRAS 16293-2422B: Infall in a Highly Optically Thick Disk}",
  journal = {\apjl},
archivePrefix = "arXiv",
   eprint = {1301.3105},
 keywords = {ISM: individual objects: IRAS 16293 2422, ISM: jets and outflows, stars: pre-main sequence, techniques: spectroscopic},
     year = 2013,
    month = feb,
   volume = 764,
      eid = {L14},
    pages = {L14},
      doi = {10.1088/2041-8205/764/1/L14},
   adsurl = {http://adsabs.harvard.edu/abs/2013ApJ...764L..14Z},
  adsnote = {Provided by the SAO/NASA Astrophysics Data System}
}
@ARTICLE{Pineda2012,
   author = {{Pineda}, J.~E. and {Maury}, A.~J. and {Fuller}, G.~A. and {Testi}, L. and 
  {Garc{\'{\i}}a-Appadoo}, D. and {Peck}, A.~B. and {Villard}, E. and 
  {Corder}, S.~A. and {van Kempen}, T.~A. and {Turner}, J.~L. and 
  {Tachihara}, K. and {Dent}, W.},
    title = "{The first ALMA view of IRAS 16293-2422. Direct detection of infall onto source B and high-resolution kinematics of source A}",
  journal = {\aap},
archivePrefix = "arXiv",
   eprint = {1206.5215},
 keywords = {ISM: individual objects: IRAS 16293-2422, ISM: clouds, stars: formation, ISM: molecules},
     year = 2012,
    month = aug,
   volume = 544,
      eid = {L7},
    pages = {L7},
      doi = {10.1051/0004-6361/201219589},
   adsurl = {http://adsabs.harvard.edu/abs/2012A%26A...544L...7P},
  adsnote = {Provided by the SAO/NASA Astrophysics Data System}
}
@article{Schnee2012,
  author={Scott Schnee and James Di Francesco and Melissa Enoch and Rachel Friesen and Doug Johnstone and Sarah Sadavoy},
  title={How Starless are Starless Cores?},
  journal={\apj},
  volume={745},
  number={1},
  pages={18},
  url={http://stacks.iop.org/0004-637X/745/i=1/a=18},
  year={2012},
  abstract={In this paper, we present the results of Combined Array for Research in Millimeter-wave Astronomy continuum and spectral line observations of the dense core Per-Bolo 45. Although this core has previously been classified as starless, we find evidence for an outflow and conclude that Per-Bolo 45 is actually an embedded, low-luminosity protostar. We discuss the impact of newly discovered, low-luminosity, embedded objects in the Perseus molecular cloud on starless core and protostar lifetimes. We estimate that the starless core lifetime has been overestimated by 4%-18% and the Class 0/I protostellar lifetime has been underestimated by 5%-20%. Given the relatively large systematic uncertainties involved in these calculations, variations on the order of 10% do not significantly change either core lifetimes or the expected protostellar luminosity function. Finally, we suggest that high-resolution (sub)millimeter surveys of known cores lacking near-infrared and mid-infrared emission are necessary to make an accurate census of starless cores.}
}
@ARTICLE{Smith2012,
   author = {{Smith}, R.~J. and {Shetty}, R. and {Stutz}, A.~M. and {Klessen}, R.~S.
  },
    title = "{Line Profiles of Cores within Clusters. I. The Anatomy of a Filament}",
  journal = {\apj},
archivePrefix = "arXiv",
   eprint = {1201.6275},
 keywords = {ISM: kinematics and dynamics, ISM: lines and bands, ISM: structure, stars: formation},
     year = 2012,
    month = may,
   volume = 750,
      eid = {64},
    pages = {64},
      doi = {10.1088/0004-637X/750/1/64},
   adsurl = {http://adsabs.harvard.edu/abs/2012ApJ...750...64S},
  adsnote = {Provided by the SAO/NASA Astrophysics Data System}
}
@ARTICLE{Lee2011,
   author = {{Lee}, C.~W. and {Myers}, P.~C.},
    title = "{Internal Motions in Starless Dense Cores}",
  journal = {\apj},
archivePrefix = "arXiv",
   eprint = {1104.2950},
 primaryClass = "astro-ph.SR",
 keywords = {ISM: clouds, ISM: kinematics and dynamics},
     year = 2011,
    month = jun,
   volume = 734,
      eid = {60},
    pages = {60},
      doi = {10.1088/0004-637X/734/1/60},
   adsurl = {http://adsabs.harvard.edu/abs/2011ApJ...734...60L},
  adsnote = {Provided by the SAO/NASA Astrophysics Data System}
}
@ARTICLE{Pineda2011,
   author = {{Pineda}, J.~E. and {Arce}, H.~G. and {Schnee}, S. and {Goodman}, A.~A. and 
  {Bourke}, T. and {Foster}, J.~B. and {Robitaille}, T. and {Tanner}, J. and 
  {Kauffmann}, J. and {Tafalla}, M. and {Caselli}, P. and {Anglada}, G.
  },
    title = "{The Enigmatic Core L1451-mm: A First Hydrostatic Core? Or a Hidden VeLLO?}",
  journal = {\apj},
archivePrefix = "arXiv",
   eprint = {1109.1207},
 keywords = {ISM: clouds, ISM: individual objects: L1451 Perseus, ISM: molecules, stars: formation, stars: low-mass},
     year = 2011,
    month = dec,
   volume = 743,
      eid = {201},
    pages = {201},
      doi = {10.1088/0004-637X/743/2/201},
   adsurl = {http://adsabs.harvard.edu/abs/2011ApJ...743..201P},
  adsnote = {Provided by the SAO/NASA Astrophysics Data System}
}
@article{Chen2010,
  author={Xuepeng Chen and HÃ©ctor G. Arce and Qizhou Zhang and Tyler L. Bourke and Ralf Launhardt and Markus Schmalzl and Thomas
Henning},
  title={L1448 IRS2E: A Candidate First Hydrostatic Core},
  journal={\apj},
  volume={715},
  number={2},
  pages={1344},
  url={http://stacks.iop.org/0004-637X/715/i=2/a=1344},
  year={2010},
  abstract={Intermediate between the prestellar and Class 0 protostellar phases, the first core is a quasi-equilibrium hydrostatic object with a short lifetime and an extremely low luminosity. Recent magnetohydrodynamic (MHD) simulations suggest that the first core can even drive a molecular outflow before the formation of the second core (i.e., protostar). Using the Submillimeter Array and the Spitzer Space Telescope , we present high angular resolution observations toward the embedded dense core IRS2E in L1448. We find that source L1448 IRS2E is not visible in the sensitive Spitzer infrared images (at wavelengths from 3.6 to 70 Î¼m) and has weak (sub-) millimeter dust continuum emission. Consequently, this source has an extremely low bolometric luminosity(<0.1 L â ). Infrared and (sub-) millimeter observations clearly show an outflow emanating from this source; L1448 IRS2E represents thus far the lowest luminosity source known to be driving a molecular outflow. Comparisons with prestellar cores and Class 0 protostars suggest that L1448 IRS2E is more evolved than prestellar cores but less evolved than Class 0 protostars, i.e., at a stage intermediate between prestellar cores and Class 0 protostars. All these results are consistent with the theoretical predictions of the radiative/MHD simulations, making L1448 IRS2E the most promising candidate of the first hydrostatic core revealed so far.}
}
@ARTICLE{Friesen2010,
   author = {{Friesen}, R.~K. and {Di Francesco}, J. and {Myers}, P.~C. and 
  {Belloche}, A. and {Shirley}, Y.~L. and {Bourke}, T.~L. and 
  {Andr{\'e}}, P.},
    title = "{The Initial Conditions of Clustered Star Formation. III. The Deuterium Fractionation of the Ophiuchus B2 Core}",
  journal = {\apj},
archivePrefix = "arXiv",
   eprint = {1006.4631},
 keywords = {ISM: kinematics and dynamics, ISM: molecules, ISM: structure, radio lines: ISM, stars: formation},
     year = 2010,
    month = aug,
   volume = 718,
    pages = {666-682},
      doi = {10.1088/0004-637X/718/2/666},
   adsurl = {http://adsabs.harvard.edu/abs/2010ApJ...718..666F},
  adsnote = {Provided by the SAO/NASA Astrophysics Data System}
}
@ARTICLE{Sadavoy2010,
   author = {{Sadavoy}, S.~I. and {Di Francesco}, J. and {Johnstone}, D.},
    title = "{''Starless'' Super-Jeans Cores in Four Gould Belt Clouds}",
  journal = {\apjl},
archivePrefix = "arXiv",
   eprint = {1006.1924},
 primaryClass = "astro-ph.SR",
 keywords = {ISM: clouds, stars: formation, stars: luminosity function, mass function, stars: protostars},
     year = 2010,
    month = jul,
   volume = 718,
    pages = {L32-L37},
      doi = {10.1088/2041-8205/718/1/L32},
   adsurl = {http://adsabs.harvard.edu/abs/2010ApJ...718L..32S},
  adsnote = {Provided by the SAO/NASA Astrophysics Data System}
}
@ARTICLE{Schnee2010,
   author = {{Schnee}, S. and {Enoch}, M. and {Noriega-Crespo}, A. and {Sayers}, J. and 
  {Terebey}, S. and {Caselli}, P. and {Foster}, J. and {Goodman}, A. and 
  {Kauffmann}, J. and {Padgett}, D. and {Rebull}, L. and {Sargent}, A. and 
  {Shetty}, R.},
    title = "{The Dust Emissivity Spectral Index in the Starless Core TMC-1C}",
  journal = {\apj},
archivePrefix = "arXiv",
   eprint = {0911.0892},
 keywords = {dust, extinction, stars: formation},
     year = 2010,
    month = jan,
   volume = 708,
    pages = {127-136},
      doi = {10.1088/0004-637X/708/1/127},
   adsurl = {http://adsabs.harvard.edu/abs/2010ApJ...708..127S},
  adsnote = {Provided by the SAO/NASA Astrophysics Data System}
}
@ARTICLE{Enoch2009,
   author = {{Enoch}, M.~L. and {Evans}, II, N.~J. and {Sargent}, A.~I. and 
	{Glenn}, J.},
    title = "{Properties of the Youngest Protostars in Perseus, Serpens, and Ophiuchus}",
  journal = {\apj},
archivePrefix = "arXiv",
   eprint = {0809.4012},
 keywords = {infrared: ISM, ISM: clouds, ISM: individual: Perseus Serpens Ophiuchus, stars: formation, submillimeter},
     year = 2009,
    month = feb,
   volume = 692,
      eid = {973},
    pages = {973-997},
      doi = {10.1088/0004-637X/692/2/973},
   adsurl = {http://adsabs.harvard.edu/abs/2009ApJ...692..973E},
  adsnote = {Provided by the SAO/NASA Astrophysics Data System}
}
@ARTICLE{Empr2009,
   author = {{Emprechtinger}, M. and {Caselli}, P. and {Volgenau}, N.~H. and 
  {Stutzki}, J. and {Wiedner}, M.~C.},
    title = "{The N$\{$2$\}$D\^{}+/N$\{$2$\}$H$^{+}$ ratio as an evolutionary tracer of Class 0 protostars}",
  journal = {\aap},
archivePrefix = "arXiv",
   eprint = {0809.3759},
 keywords = {ISM: clouds, ISM: evolution, ISM: molecules, stars: formation},
     year = 2009,
    month = jan,
   volume = 493,
    pages = {89-105},
      doi = {10.1051/0004-6361:200810324},
   adsurl = {http://adsabs.harvard.edu/abs/2009A%26A...493...89E},
  adsnote = {Provided by the SAO/NASA Astrophysics Data System}
}
@ARTICLE{Evans2009,
   author = {{Evans}, N.~J. and {Dunham}, M.~M. and {Jorgensen}, J.~K. and 
	{Enoch}, M.~L. and {Merin}, B. and {van Dishoeck}, E.~F. and 
	{Alcala}, J.~M. and {Myers}, P.~C. and {Stapelfeldt}, K.~R. and 
	{Huard}, T.~L. and {Allen}, L.~E. and {Harvey}, P.~M. and {van Kempen}, T. and 
	{Blake}, G.~A. and {Koerner}, D.~W. and {Mundy}, L.~G. and {Padgett}, D.~L. and 
	{Sargent}, A.~I.},
    title = "{Properties of Spitzer c2d dark clouds (Evans+, 2009)}",
  journal = {VizieR Online Data Catalog},
 keywords = {Infrared sources, Molecular clouds, Photometry, YSOs},
     year = 2009,
    month = oct,
   volume = 218,
    pages = {10321},
   adsurl = {http://adsabs.harvard.edu/abs/2009yCat..21810321E},
  adsnote = {Provided by the SAO/NASA Astrophysics Data System}
}
@ARTICLE{Foster2009,
   author = {{Foster}, J.~B. and {Rosolowsky}, E.~W. and {Kauffmann}, J. and 
  {Pineda}, J.~E. and {Borkin}, M.~A. and {Caselli}, P. and {Myers}, P.~C. and 
  {Goodman}, A.~A.},
    title = "{Dense Cores in Perseus: The Influence of Stellar Content and Cluster Environment}",
  journal = {\apj},
archivePrefix = "arXiv",
   eprint = {0902.0536},
 primaryClass = "astro-ph.SR",
 keywords = {ISM: clouds, ISM: molecules, radio lines: ISM},
     year = 2009,
    month = may,
   volume = 696,
    pages = {298-319},
      doi = {10.1088/0004-637X/696/1/298},
   adsurl = {http://adsabs.harvard.edu/abs/2009ApJ...696..298F},
  adsnote = {Provided by the SAO/NASA Astrophysics Data System}
}
@INPROCEEDINGS{Markwardt09,
   author = {{Markwardt}, C.~B.},
    title = "{Non-linear Least-squares Fitting in IDL with MPFIT}",
booktitle = {Astronomical Data Analysis Software and Systems XVIII},
     year = 2009,
   series = {Astronomical Society of the Pacific Conference Series},
   volume = 411,
archivePrefix = "arXiv",
   eprint = {0902.2850},
 primaryClass = "astro-ph.IM",
   editor = {{Bohlender}, D.~A. and {Durand}, D. and {Dowler}, P.},
    month = sep,
    pages = {251},
   adsurl = {http://adsabs.harvard.edu/abs/2009ASPC..411..251M},
  adsnote = {Provided by the SAO/NASA Astrophysics Data System}
}
@ARTICLE{Enoch2008,
   author = {{Enoch}, M.~L. and {Evans}, II, N.~J. and {Sargent}, A.~I. and 
  {Glenn}, J. and {Rosolowsky}, E. and {Myers}, P.},
    title = "{The Mass Distribution and Lifetime of Prestellar Cores in Perseus, Serpens, and Ophiuchus}",
  journal = {\apj},
archivePrefix = "arXiv",
   eprint = {0805.1075},
 keywords = {Infrared: ISM, ISM: Clouds, ISM: individual (Ophiuchus), ISM: Individual: Name: Perseus, ISM: Individual: Name: Serpens, Stars: Formation, Submillimeter},
     year = 2008,
    month = sep,
   volume = 684,
    pages = {1240-1259},
      doi = {10.1086/589963},
   adsurl = {http://adsabs.harvard.edu/abs/2008ApJ...684.1240E},
  adsnote = {Provided by the SAO/NASA Astrophysics Data System}
}
@ARTICLE{Rosolowsky2008,
   author = {{Rosolowsky}, E.~W. and {Pineda}, J.~E. and {Foster}, J.~B. and 
	{Borkin}, M.~A. and {Kauffmann}, J. and {Caselli}, P. and {Myers}, P.~C. and 
	{Goodman}, A.~A.},
    title = "{An Ammonia Spectral Atlas of Dense Cores in Perseus}",
  journal = {\apjs},
archivePrefix = "arXiv",
   eprint = {0711.0231},
 keywords = {ISM: Clouds, ISM: Molecules, Radio Lines: ISM},
     year = 2008,
    month = apr,
   volume = 175,
    pages = {509-521},
      doi = {10.1086/524299},
   adsurl = {http://adsabs.harvard.edu/abs/2008ApJS..175..509R},
  adsnote = {Provided by the SAO/NASA Astrophysics Data System}
}
@ARTICLE{Schnee2008,
   author = {{Schnee}, S. and {Li}, J. and {Goodman}, A.~A. and {Sargent}, A.~I.
  },
    title = "{Dust Emission from the Perseus Molecular Cloud}",
  journal = {\apj},
archivePrefix = "arXiv",
   eprint = {0805.4215},
 keywords = {ISM: Dust, Extinction, ISM: Clouds, Surveys},
     year = 2008,
    month = sep,
   volume = 684,
    pages = {1228-1239},
      doi = {10.1086/590375},
   adsurl = {http://adsabs.harvard.edu/abs/2008ApJ...684.1228S},
  adsnote = {Provided by the SAO/NASA Astrophysics Data System}
}
@article{SCUBAmap,
  author={James Di Francesco and Doug Johnstone and Helen Kirk and Todd MacKenzie and Elizabeth Ledwosinska},
  title={The SCUBA Legacy Catalogues: Submillimeter-Continuum Objects Detected by SCUBA},
  journal={\apjs},
  volume={175},
  number={1},
  pages={277},
  url={http://stacks.iop.org/0067-0049/175/i=1/a=277},
  year={2008},
  abstract={We present the SCUBA Legacy Catalogues, two comprehensive sets of continuum maps (and catalogs) using data at 850 and 450 Î¼m of the various astronomical objects obtained with the Submillimetre Common User Bolometer Array (SCUBA). The Fundamental Map Data Set contains data only where superior atmospheric opacity calibration data were available. The Extended Map Data Set contains data regardless of the quality of the opacity calibration. Each data set contains 1.2Â° Ã 1.2Â° maps at locations where data existed in the JCMT archive, imaged using the matrix inversion method. The Fundamental Data Set is composed of 1423 maps at 850 Î¼m and 1357 maps at 450 Î¼m. The Extended Data Set is composed of 1547 maps at 850 Î¼m. Neither data set includes high sensitivity, single-chop SCUBA maps of "cosmological fields" nor solar system objects. Each data set was used to determine a respective object catalogue, consisting of objects identified within the respective 850 Î¼m maps using an automated identification algorithm. The Fundamental and Extended Map Object Catalogues contain 5061 and 6118 objects, respectively. Objects are named based on their respective J2000.0 position of peak 850 Î¼m intensity. The catalogues provide for each object the respective maximum 850 Î¼m intensity, estimates of total 850 Î¼m flux and size, and tentative identifications from the SIMBAD Database. Where possible, the catalogues also provide for each object its maximum 450 Î¼m intensity and total 450 Î¼m flux and flux ratios.}
}
@ARTICLE{Bergin2007,
   author = {{Bergin}, E.~A. and {Tafalla}, M.},
    title = "{Cold Dark Clouds: The Initial Conditions for Star Formation}",
  journal = {\araa},
archivePrefix = "arXiv",
   eprint = {0705.3765},
     year = 2007,
    month = sep,
   volume = 45,
    pages = {339-396},
      doi = {10.1146/annurev.astro.45.071206.100404},
   adsurl = {http://adsabs.harvard.edu/abs/2007ARA%26A..45..339B},
  adsnote = {Provided by the SAO/NASA Astrophysics Data System}
}
@ARTICLE{Daniel2007,
   author = {{Daniel}, F. and {Cernicharo}, J. and {Roueff}, E. and {Gerin}, M. and 
  {Dubernet}, M.~L.},
    title = "{The Excitation of N$_{2}$H$^{+}$ in Interstellar Molecular Clouds. II. Observations}",
  journal = {\apj},
 keywords = {ISM: Abundances, ISM: Clouds, ISM: individual (TMC 1), ISM: Individual: Alphanumeric: L183, ISM: Molecules, Line: Formation, Line: Profiles, Molecular Processes, Radiative Transfer},
     year = 2007,
    month = oct,
   volume = 667,
    pages = {980-1001},
      doi = {10.1086/520669},
   adsurl = {http://adsabs.harvard.edu/abs/2007ApJ...667..980D},
  adsnote = {Provided by the SAO/NASA Astrophysics Data System}
}
@ARTICLE{Francesco2007,
   author = {{di Francesco}, J. and {Evans}, II, N.~J. and {Caselli}, P. and 
  {Myers}, P.~C. and {Shirley}, Y. and {Aikawa}, Y. and {Tafalla}, M.
  },
    title = "{An Observational Perspective of Low-Mass Dense Cores I: Internal Physical and Chemical Properties}",
  journal = {Protostars and Planets V},
   eprint = {astro-ph/0602379},
     year = 2007,
    pages = {17-32},
   adsurl = {http://adsabs.harvard.edu/abs/2007prpl.conf...17D},
  adsnote = {Provided by the SAO/NASA Astrophysics Data System}
}
@ARTICLE{Jorgensen2007,
   author = {{J{\o}rgensen}, J.~K. and {Johnstone}, D. and {Kirk}, H. and 
  {Myers}, P.~C.},
    title = "{Current Star Formation in the Perseus Molecular Cloud: Constraints from Unbiased Submillimeter and Mid-Infrared Surveys}",
  journal = {\apj},
   eprint = {astro-ph/0610381},
 keywords = {ISM: Clouds, ISM: Evolution, Stars: Formation, Stars: Pre-Main-Sequence},
     year = 2007,
    month = feb,
   volume = 656,
    pages = {293-305},
      doi = {10.1086/510150},
   adsurl = {http://adsabs.harvard.edu/abs/2007ApJ...656..293J},
  adsnote = {Provided by the SAO/NASA Astrophysics Data System}
}
@ARTICLE{Kirk2007,
   author = {{Kirk}, H. and {Johnstone}, D. and {Tafalla}, M.},
    title = "{Dynamics of Dense Cores in the Perseus Molecular Cloud}",
  journal = {\apj},
archivePrefix = "arXiv",
   eprint = {0707.2769},
 keywords = {Infrared: ISM, ISM: Individual: Name: Perseus, ISM: Structure, Stars: Formation, Submillimeter},
     year = 2007,
    month = oct,
   volume = 668,
    pages = {1042-1063},
      doi = {10.1086/521395},
   adsurl = {http://adsabs.harvard.edu/abs/2007ApJ...668.1042K},
  adsnote = {Provided by the SAO/NASA Astrophysics Data System}
}
@ARTICLE{Enoch2006,
   author = {{Enoch}, M.~L. and {Young}, K.~E. and {Glenn}, J. and {Evans}, II, N.~J. and 
	{Golwala}, S. and {Sargent}, A.~I. and {Harvey}, P. and {Aguirre}, J. and 
	{Goldin}, A. and {Haig}, D. and {Huard}, T.~L. and {Lange}, A. and 
	{Laurent}, G. and {Maloney}, P. and {Mauskopf}, P. and {Rossinot}, P. and 
	{Sayers}, J.},
    title = "{Bolocam Survey for 1.1 mm Dust Continuum Emission in the c2d Legacy Clouds. I. Perseus}",
  journal = {\apj},
   eprint = {astro-ph/0510202},
 keywords = {ISM: Clouds, ISM: Individual: Name: Perseus, Stars: Formation},
     year = 2006,
    month = feb,
   volume = 638,
    pages = {293-313},
      doi = {10.1086/498678},
   adsurl = {http://adsabs.harvard.edu/abs/2006ApJ...638..293E},
  adsnote = {Provided by the SAO/NASA Astrophysics Data System}
}
@ARTICLE{Kirk2006,
   author = {{Kirk}, H. and {Johnstone}, D. and {Di Francesco}, J.},
    title = "{The Large- and Small-Scale Structures of Dust in the Star-forming Perseus Molecular Cloud}",
  journal = {\apj},
   eprint = {astro-ph/0602089},
 keywords = {ISM: Clouds, Stars: Formation},
     year = 2006,
    month = aug,
   volume = 646,
    pages = {1009-1023},
      doi = {10.1086/503193},
   adsurl = {http://adsabs.harvard.edu/abs/2006ApJ...646.1009K},
  adsnote = {Provided by the SAO/NASA Astrophysics Data System}
}
@ARTICLE{Kirk2006Erratum,
   author = {{Kirk}, H. and {Johnstone}, D. and {Di Francesco}, J.},
    title = "{Erratum: ``The Large- and Small-Scale Structures of Dust in the Star-forming Perseus Molecular Cloud'' (<A href=''/abs/2006ApJ...646.1009K''>ApJ, 646, 1009 [2006]</A>)}",
  journal = {\apj},
     year = 2007,
    month = nov,
   volume = 669,
    pages = {657-660},
      doi = {10.1086/521549},
   adsurl = {http://adsabs.harvard.edu/abs/2007ApJ...669..657K},
  adsnote = {Provided by the SAO/NASA Astrophysics Data System}
}
@ARTICLE{Walawender2006,
   author = {{Walawender}, J. and {Bally}, J. and {Kirk}, H. and {Johnstone}, D. and 
  {Reipurth}, B. and {Aspin}, C.},
    title = "{Multiple Outflows and Protostars near IC 348 and the Flying Ghost Nebula}",
  journal = {\aj},
 keywords = {ISM: Clouds, ISM: Herbig-Haro Objects, ISM: Jets and Outflows, Stars: Formation, Stars: Pre-Main-Sequence},
     year = 2006,
    month = aug,
   volume = 132,
    pages = {467-477},
      doi = {10.1086/504638},
   adsurl = {http://adsabs.harvard.edu/abs/2006AJ....132..467W},
  adsnote = {Provided by the SAO/NASA Astrophysics Data System}
}
@ARTICLE{Walsh2006,
   author = {{Walsh}, A.~J. and {Bourke}, T.~L. and {Myers}, P.~C.},
    title = "{Observations of Global and Local Infall in NGC 1333}",
  journal = {\apj},
   eprint = {astro-ph/0510066},
 keywords = {ISM: Clouds, ISM: Kinematics and Dynamics, Stars: Formation},
     year = 2006,
    month = feb,
   volume = 637,
    pages = {860-868},
      doi = {10.1086/498564},
   adsurl = {http://adsabs.harvard.edu/abs/2006ApJ...637..860W},
  adsnote = {Provided by the SAO/NASA Astrophysics Data System}
}
@ARTICLE{Crapsi2005,
   author = {{Crapsi}, A. and {Devries}, C.~H. and {Huard}, T.~L. and {Lee}, J.-E. and 
  {Myers}, P.~C. and {Ridge}, N.~A. and {Bourke}, T.~L. and {Evans}, II, N.~J. and 
  {J{\o}rgensen}, J.~K. and {Kauffmann}, J. and {Lee}, C.~W. and 
  {Shirley}, Y.~L. and {Young}, C.~H.},
    title = "{Dynamical and chemical properties of the ``starless'' core L1014}",
  journal = {\aap},
   eprint = {astro-ph/0502090},
 keywords = {ISM: clouds, ISM: evolution, ISM: individual objects: L1014, ISM: molecules, ISM: jets and outflows, stars: formation},
     year = 2005,
    month = sep,
   volume = 439,
    pages = {1023-1032},
      doi = {10.1051/0004-6361:20042411},
   adsurl = {http://adsabs.harvard.edu/abs/2005A%26A...439.1023C},
  adsnote = {Provided by the SAO/NASA Astrophysics Data System}
}
@ARTICLE{DeVries2005,
   author = {{De Vries}, C.~H. and {Myers}, P.~C.},
    title = "{Molecular Line Profile Fitting with Analytic Radiative Transfer Models}",
  journal = {\apj},
   eprint = {astro-ph/0410748},
 keywords = {Radiative Transfer, Radio Lines: ISM, Stars: Formation},
     year = 2005,
    month = feb,
   volume = 620,
    pages = {800-815},
      doi = {10.1086/427141},
   adsurl = {http://adsabs.harvard.edu/abs/2005ApJ...620..800D},
  adsnote = {Provided by the SAO/NASA Astrophysics Data System}
}
@ARTICLE{Walawender2005,
   author = {{Walawender}, J. and {Bally}, J. and {Kirk}, H. and {Johnstone}, D.
  },
    title = "{Multiple Outflows and Protostars in Barnard 1}",
  journal = {\aj},
 keywords = {ISM: Herbig-Haro Objects, ISM: Individual: Name: Barnard 1, ISM: Jets and Outflows, Stars: Formation, Stars: Pre-Main-Sequence},
     year = 2005,
    month = oct,
   volume = 130,
    pages = {1795-1804},
      doi = {10.1086/432971},
   adsurl = {http://adsabs.harvard.edu/abs/2005AJ....130.1795W},
  adsnote = {Provided by the SAO/NASA Astrophysics Data System}
}
@ARTICLE{Wilking2004,
   author = {{Wilking}, B.~A. and {Meyer}, M.~R. and {Greene}, T.~P. and 
	{Mikhail}, A. and {Carlson}, G.},
    title = "{Low-Mass Stars and Substellar Objects in the NGC 1333 Molecular Cloud}",
  journal = {\aj},
   eprint = {astro-ph/0312357},
 keywords = {infrared: stars, ISM: Individual: NGC Number: NGC 1333, Stars: Low-Mass, Brown Dwarfs, Stars: Pre-Main-Sequence},
     year = 2004,
    month = feb,
   volume = 127,
    pages = {1131-1146},
      doi = {10.1086/381482},
   adsurl = {http://adsabs.harvard.edu/abs/2004AJ....127.1131W},
  adsnote = {Provided by the SAO/NASA Astrophysics Data System}
}
@ARTICLE{Aikawa2003,
   author = {{Aikawa}, Y. and {Ohashi}, N. and {Herbst}, E.},
    title = "{Molecular Evolution in Collapsing Prestellar Cores. II. The Effect of Grain-Surface Reactions}",
  journal = {\apj},
   eprint = {astro-ph/0305054},
 keywords = {Astrochemistry, ISM: Clouds, ISM: Individual: Alphanumeric: L1544, ISM: Molecules, Stars: Formation},
     year = 2003,
    month = aug,
   volume = 593,
    pages = {906-924},
      doi = {10.1086/376616},
   adsurl = {http://adsabs.harvard.edu/abs/2003ApJ...593..906A},
  adsnote = {Provided by the SAO/NASA Astrophysics Data System}
}
@ARTICLE{Lada2003,
   author = {{Lada}, C.~J. and {Lada}, E.~A.},
    title = "{Embedded Clusters in Molecular Clouds}",
  journal = {\araa},
   eprint = {astro-ph/0301540},
     year = 2003,
   volume = 41,
    pages = {57-115},
      doi = {10.1146/annurev.astro.41.011802.094844},
   adsurl = {http://adsabs.harvard.edu/abs/2003ARA%26A..41...57L},
  adsnote = {Provided by the SAO/NASA Astrophysics Data System}
}
@ARTICLE{Luhman2003,
   author = {{Luhman}, K.~L. and {Stauffer}, J.~R. and {Muench}, A.~A. and 
	{Rieke}, G.~H. and {Lada}, E.~A. and {Bouvier}, J. and {Lada}, C.~J.
	},
    title = "{A Census of the Young Cluster IC 348}",
  journal = {\apj},
   eprint = {astro-ph/0304409},
 keywords = {Infrared: Stars, Stars: Evolution, Stars: Formation, Stars: Low-Mass, Brown Dwarfs, Stars: Luminosity Function, Mass Function, Stars: Pre-Main-Sequence},
     year = 2003,
    month = aug,
   volume = 593,
    pages = {1093-1115},
      doi = {10.1086/376594},
   adsurl = {http://adsabs.harvard.edu/abs/2003ApJ...593.1093L},
  adsnote = {Provided by the SAO/NASA Astrophysics Data System}
}
@ARTICLE{Caselli2002,
   author = {{Caselli}, P. and {Walmsley}, C.~M. and {Zucconi}, A. and {Tafalla}, M. and 
  {Dore}, L. and {Myers}, P.~C.},
    title = "{Molecular Ions in L1544. I. Kinematics}",
  journal = {\apj},
   eprint = {astro-ph/0109021},
 keywords = {ISM: Dust, Extinction, ISM: Clouds, ISM: Individual: Alphanumeric: L1544, ISM: Magnetic Fields, ISM: Molecules},
     year = 2002,
    month = jan,
   volume = 565,
    pages = {331-343},
      doi = {10.1086/324301},
   adsurl = {http://adsabs.harvard.edu/abs/2002ApJ...565..331C},
  adsnote = {Provided by the SAO/NASA Astrophysics Data System}
}
@ARTICLE{Larson2003,
   author = {{Larson}, R.~B.},
    title = "{The physics of star formation}",
  journal = {Reports on Progress in Physics},
   eprint = {astro-ph/0306595},
     year = 2003,
    month = oct,
   volume = 66,
    pages = {1651-1697},
      doi = {10.1088/0034-4885/66/10/R03},
   adsurl = {http://adsabs.harvard.edu/abs/2003RPPh...66.1651L},
  adsnote = {Provided by the SAO/NASA Astrophysics Data System}
}
@ARTICLE{Narayanan2002,
   author = {{Narayanan}, G. and {Moriarty-Schieven}, G. and {Walker}, C.~K. and 
	{Butner}, H.~M.},
    title = "{Detection of Infall Signatures toward Serpens SMM4}",
  journal = {\apj},
   eprint = {astro-ph/0109442},
 keywords = {Stars: Circumstellar Matter, ISM: Clouds, ISM: individual (Serpens), Stars: Formation},
     year = 2002,
    month = jan,
   volume = 565,
    pages = {319-330},
      doi = {10.1086/324522},
   adsurl = {http://adsabs.harvard.edu/abs/2002ApJ...565..319N},
  adsnote = {Provided by the SAO/NASA Astrophysics Data System}
}
@ARTICLE{Tafalla2002,
   author = {{Tafalla}, M. and {Myers}, P.~C. and {Caselli}, P. and {Walmsley}, C.~M. and 
	{Comito}, C.},
    title = "{Systematic Molecular Differentiation in Starless Cores}",
  journal = {\apj},
   eprint = {astro-ph/0112487},
 keywords = {ISM: Abundances, ISM: Clouds, ISM: Molecules, Stars: Formation},
     year = 2002,
    month = apr,
   volume = 569,
    pages = {815-835},
      doi = {10.1086/339321},
   adsurl = {http://adsabs.harvard.edu/abs/2002ApJ...569..815T},
  adsnote = {Provided by the SAO/NASA Astrophysics Data System}
}
@ARTICLE{Gerin2001,
   author = {{Gerin}, M. and {Pearson}, J.~C. and {Roueff}, E. and {Falgarone}, E. and 
  {Phillips}, T.~G.},
    title = "{Determination of the Hyperfine Structure of N$_{2}$D$^{+}$}",
  journal = {\apjl},
 keywords = {ISM: Molecules, Molecular Data, Radio Lines: ISM},
     year = 2001,
    month = apr,
   volume = 551,
    pages = {L193-L197},
      doi = {10.1086/320029},
   adsurl = {http://adsabs.harvard.edu/abs/2001ApJ...551L.193G},
  adsnote = {Provided by the SAO/NASA Astrophysics Data System}
}
@ARTICLE{Gregersen2000,
   author = {{Gregersen}, E.~M. and {Evans}, II, N.~J. and {Mardones}, D. and 
	{Myers}, P.~C.},
    title = "{Does Infall End before the Class I Stage?}",
  journal = {\apj},
   eprint = {astro-ph/9912175},
 keywords = {STARS: FORMATION, STARS: PRE-MAIN-SEQUENCE, SUBMILLIMETER},
     year = 2000,
    month = apr,
   volume = 533,
    pages = {440-453},
      doi = {10.1086/308665},
   adsurl = {http://adsabs.harvard.edu/abs/2000ApJ...533..440G},
  adsnote = {Provided by the SAO/NASA Astrophysics Data System}
}
@ARTICLE{Myers2000,
   author = {{Myers}, P.~C. and {Evans}, II, N.~J. and {Ohashi}, N.},
    title = "{Observations of Infall in Star-Forming Regions}",
  journal = {Protostars and Planets IV},
     year = 2000,
    month = may,
    pages = {217},
   adsurl = {http://adsabs.harvard.edu/abs/2000prpl.conf..217M},
  adsnote = {Provided by the SAO/NASA Astrophysics Data System}
}
@ARTICLE{Jijina1999,
   author = {{Jijina}, J. and {Myers}, P.~C. and {Adams}, F.~C.},
    title = "{Dense Cores Mapped in Ammonia: A Database}",
  journal = {\apjs},
 keywords = {ISM: CLOUDS, ISM: MOLECULES, RADIO LINES: ISM, STARS: PRE-MAIN-SEQUENCE, ISM: Clouds, ISM: Molecules, Radio Lines: ISM, Stars: Pre-Main-Sequence},
     year = 1999,
    month = nov,
   volume = 125,
    pages = {161-236},
      doi = {10.1086/313268},
   adsurl = {http://adsabs.harvard.edu/abs/1999ApJS..125..161J},
  adsnote = {Provided by the SAO/NASA Astrophysics Data System}
}
@ARTICLE{Bergin1997,
   author = {{Bergin}, E.~A. and {Langer}, W.~D.},
    title = "{Chemical Evolution in Preprotostellar and Protostellar Cores}",
  journal = {\apj},
 keywords = {ISM: Molecules, Molecular Processes, Stars: Formation, Stars: Pre-Main-Sequence},
     year = 1997,
    month = sep,
   volume = 486,
    pages = {316-328},
   adsurl = {http://adsabs.harvard.edu/abs/1997ApJ...486..316B},
  adsnote = {Provided by the SAO/NASA Astrophysics Data System}
}
@ARTICLE{Mardones1997,
   author = {{Mardones}, D. and {Myers}, P.~C. and {Tafalla}, M. and {Wilner}, D.~J. and 
	{Bachiller}, R. and {Garay}, G.},
    title = "{A Search for Infall Motions toward Nearby Young Stellar Objects}",
  journal = {\apj},
   eprint = {astro-ph/9707011},
 keywords = {ISM: JETS AND OUTFLOWS, ISM: KINEMATICS AND DYNAMICS, ISM: MOLECULES, STARS: FORMATION, STARS: PRE-MAIN-SEQUENCE, RADIO LINES: STARS},
     year = 1997,
    month = nov,
   volume = 489,
    pages = {719},
      doi = {10.1086/304812},
   adsurl = {http://adsabs.harvard.edu/abs/1997ApJ...489..719M},
  adsnote = {Provided by the SAO/NASA Astrophysics Data System}
}
@ARTICLE{Bachiller1996,
   author = {{Bachiller}, R.},
    title = "{Bipolar Molecular Outflows from Young Stars and Protostars}",
  journal = {\araa},
     year = 1996,
   volume = 34,
    pages = {111-154},
      doi = {10.1146/annurev.astro.34.1.111},
   adsurl = {http://adsabs.harvard.edu/abs/1996ARA%26A..34..111B},
  adsnote = {Provided by the SAO/NASA Astrophysics Data System}
}
@ARTICLE{ciolek95,
   author = {{Ciolek}, G.~E. and {Mouschovias}, T.~C.},
    title = "{Ambipolar Diffusion, Interstellar Dust, and the Formation of Cloud Cores and Protostars. IV. Effect of Ultraviolet Ionization and Magnetically Controlled Infall Rate}",
  journal = {\apj},
 keywords = {DIFFUSION, ISM: DUST, EXTINCTION, ISM: MAGNETIC FIELDS, MAGNETOHYDRODYNAMICS: MHD, STARS: FORMATION, ACCRETION, ACCRETION DISKS},
     year = 1995,
    month = nov,
   volume = 454,
    pages = {194},
      doi = {10.1086/176477},
   adsurl = {http://adsabs.harvard.edu/abs/1995ApJ...454..194C},
  adsnote = {Provided by the SAO/NASA Astrophysics Data System}
}
@ARTICLE{Myers1995,
   author = {{Myers}, P.~C. and {Bachiller}, R. and {Caselli}, P. and {Fuller}, G.~A. and 
  {Mardones}, D. and {Tafalla}, M. and {Wilner}, D.~J.},
    title = "{Gravitational Infall in the Dense Cores L1527 and L483}",
  journal = {\apjl},
 keywords = {ISM: MOLECULES, LINE: PROFILES, STARS: FORMATION},
     year = 1995,
    month = aug,
   volume = 449,
    pages = {L65},
      doi = {10.1086/309631},
   adsurl = {http://adsabs.harvard.edu/abs/1995ApJ...449L..65M},
  adsnote = {Provided by the SAO/NASA Astrophysics Data System}
}
@ARTICLE{Ladd1994,
   author = {{Ladd}, E.~F. and {Myers}, P.~C. and {Goodman}, A.~A.},
    title = "{Dense cores in dark clouds. 10: Ammonia emission in the Perseus molecular cloud complex}",
  journal = {\apj},
 keywords = {Ammonia, Interstellar Gas, Molecular Clouds, Molecular Spectra, Radio Astronomy, Radio Spectra, Sky Surveys (Astronomy), Star Formation, Astronomical Spectroscopy, Emission Spectra, Line Spectra, Stellar Mass},
     year = 1994,
    month = sep,
   volume = 433,
    pages = {117-130},
      doi = {10.1086/174629},
   adsurl = {http://adsabs.harvard.edu/abs/1994ApJ...433..117L},
  adsnote = {Provided by the SAO/NASA Astrophysics Data System}
}
@ARTICLE{Williams1994,
   author = {{Williams}, J.~P. and {de Geus}, E.~J. and {Blitz}, L.},
    title = "{Determining structure in molecular clouds}",
  journal = {\apj},
 keywords = {Evolution (Development), Mass Spectra, Molecular Clouds, Size (Dimensions), Spectral Line Width, Star Formation, Stellar Structure, Temperature, Algorithms, Least Squares Method, Line Spectra, Mapping, Numerical Analysis, Simulation},
     year = 1994,
    month = jun,
   volume = 428,
    pages = {693-712},
      doi = {10.1086/174279},
   adsurl = {http://adsabs.harvard.edu/abs/1994ApJ...428..693W},
  adsnote = {Provided by the SAO/NASA Astrophysics Data System}
}
@ARTICLE{Cernis1993,
   author = {{Cernis}, K.},
    title = "{Interstellar extinction in the direction of the open cluster IC 348 and the Per OB2 association}",
  journal = {Baltic Astronomy},
 keywords = {Interstellar Extinction, Open Clusters, Molecular Clouds, O Stars, B Stars, Dark Matter, Astronomical Photometry, Spatial Distribution},
     year = 1993,
    month = jan,
   volume = 2,
    pages = {214},
   adsurl = {http://adsabs.harvard.edu/abs/1993BaltA...2..214C},
  adsnote = {Provided by the SAO/NASA Astrophysics Data System}
}
@INPROCEEDINGS{Lada1993,
   author = {{Lada}, E.~A. and {Strom}, K.~M. and {Myers}, P.~C.},
    title = "{Environments of star formation - Relationship between molecular clouds, dense cores and young stars}",
 keywords = {Early Stars, Molecular Clouds, Star Formation, Stellar Cores, Astronomical Photography, Carbon Monoxide, Space Density, Star Clusters},
booktitle = {Protostars and Planets III},
     year = 1993,
   editor = {{Levy}, E.~H. and {Lunine}, J.~I.},
    pages = {245-277},
   adsurl = {http://adsabs.harvard.edu/abs/1993prpl.conf..245L},
  adsnote = {Provided by the SAO/NASA Astrophysics Data System}
}
@ARTICLE{Ladd1993,
   author = {{Ladd}, E.~F. and {Lada}, E.~A. and {Myers}, P.~C.},
    title = "{An infrared survey for embedded young stars in the Perseus molecular cloud complex}",
  journal = {\apj},
 keywords = {Early Stars, Infrared Astronomy, Molecular Clouds, Star Formation, Infrared Astronomy Satellite, Interstellar Extinction, Point Sources, Spectral Energy Distribution, Stellar Luminosity},
     year = 1993,
    month = jun,
   volume = 410,
    pages = {168-178},
      doi = {10.1086/172735},
   adsurl = {http://adsabs.harvard.edu/abs/1993ApJ...410..168L},
  adsnote = {Provided by the SAO/NASA Astrophysics Data System}
}
@ARTICLE{Bertoldi1992,
   author = {{Bertoldi}, F. and {McKee}, C.~F.},
    title = "{Pressure-confined clumps in magnetized molecular clouds}",
  journal = {\apj},
 keywords = {Interstellar Magnetic Fields, Interstellar Matter, Molecular Clouds, Pressure Effects, Virial Theorem, Interstellar Gas, Mach Number, Milky Way Galaxy},
     year = 1992,
    month = aug,
   volume = 395,
    pages = {140-157},
      doi = {10.1086/171638},
   adsurl = {http://adsabs.harvard.edu/abs/1992ApJ...395..140B},
  adsnote = {Provided by the SAO/NASA Astrophysics Data System}
}
@ARTICLE{McKee1992,
   author = {{McKee}, C.~F. and {Zweibel}, E.~G.},
    title = "{On the virial theorem for turbulent molecular clouds}",
  journal = {\apj},
 keywords = {Interstellar Matter, Magnetohydrodynamic Turbulence, Molecular Clouds, Virial Theorem, Computational Astrophysics, Interstellar Magnetic Fields},
     year = 1992,
    month = nov,
   volume = 399,
    pages = {551-562},
      doi = {10.1086/171946},
   adsurl = {http://adsabs.harvard.edu/abs/1992ApJ...399..551M},
  adsnote = {Provided by the SAO/NASA Astrophysics Data System}
}
@ARTICLE{Zhou1992,
   author = {{Zhou}, S.},
    title = "{In search of evidence for protostellar collapse - A systematic study of line formation in low-mass dense cores}",
  journal = {\apj},
 keywords = {Gravitational Collapse, Line Spectra, Protostars, Radiative Transfer, Star Formation, Astronomical Spectroscopy, Computational Astrophysics, Interstellar Matter, Molecular Clouds, Stellar Cores, Stellar Models},
     year = 1992,
    month = jul,
   volume = 394,
    pages = {204-216},
      doi = {10.1086/171572},
   adsurl = {http://adsabs.harvard.edu/abs/1992ApJ...394..204Z},
  adsnote = {Provided by the SAO/NASA Astrophysics Data System}
}
@INPROCEEDINGS{Cernicharo1991,
   author = {{Cernicharo}, J.},
    title = "{The Physical Conditions of Low Mass Star Forming Regions}",
booktitle = {NATO ASIC Proc. 342: The Physics of Star Formation and Early Stellar Evolution},
     year = 1991,
   editor = {{Lada}, C.~J. and {Kylafis}, N.~D.},
    pages = {287},
   adsurl = {http://adsabs.harvard.edu/abs/1991psfe.conf..287C},
  adsnote = {Provided by the SAO/NASA Astrophysics Data System}
}
@INPROCEEDINGS{Cernis1990,
   author = {{{\v C}ernis}, K.},
    title = "{Interstellar extinction in the direction of the Perseus complex of dark clouds.}",
 keywords = {Vilnius Photometry: Dark Clouds, Vilnius Photometry: Interstellar Extinction, Dark Clouds: Interstellar Extinction},
booktitle = {Nordic-Baltic Astronomy Meeting},
     year = 1990,
   editor = {{Lagerkvist}, C.-I. and {Kiselman}, D. and {Lindgren}, M.},
    pages = {75-78},
   adsurl = {http://adsabs.harvard.edu/abs/1990nba..meet...75C},
  adsnote = {Provided by the SAO/NASA Astrophysics Data System}
}
@ARTICLE{Millar1989,
   author = {{Millar}, T.~J. and {Bennett}, A. and {Herbst}, E.},
    title = "{Deuterium fractionation in dense interstellar clouds}",
  journal = {\apj},
 keywords = {Chemical Fractionation, Deuterium, Interstellar Chemistry, Molecular Clouds, Orion Nebula, Abundance, Astronomical Models, Dissociation, Molecular Ions, Recombination Reactions, Time Dependence},
     year = 1989,
    month = may,
   volume = 340,
    pages = {906-920},
      doi = {10.1086/167444},
   adsurl = {http://adsabs.harvard.edu/abs/1989ApJ...340..906M},
  adsnote = {Provided by the SAO/NASA Astrophysics Data System}
}
@ARTICLE{Swade1989,
   author = {{Swade}, D.~A.},
    title = "{The physics and chemistry of the L134N molecular core}",
  journal = {\apj},
 keywords = {Interstellar Chemistry, Interstellar Matter, Molecular Clouds, Molecular Physics, Nebulae, Abundance, Ammonia, Carbon Monoxide, Hyperfine Structure, Isotopes, Sulfides},
     year = 1989,
    month = oct,
   volume = 345,
    pages = {828-852},
      doi = {10.1086/167954},
   adsurl = {http://adsabs.harvard.edu/abs/1989ApJ...345..828S},
  adsnote = {Provided by the SAO/NASA Astrophysics Data System}
}
@ARTICLE{Adelson1988,
   author = {{Adelson}, L.~M. and {Leung}, C.~M.},
    title = "{On the effects of rotation on interstellar molecular line profiles}",
  journal = {\mnras},
 keywords = {Interstellar Space, Line Spectra, Molecular Clouds, Star Formation, Angular Momentum, Angular Velocity, Astronomical Models, Gravitational Collapse, Optical Thickness},
     year = 1988,
    month = nov,
   volume = 235,
    pages = {349-364},
   adsurl = {http://adsabs.harvard.edu/abs/1988MNRAS.235..349A},
  adsnote = {Provided by the SAO/NASA Astrophysics Data System}
}
@ARTICLE{Takano1986,
   author = {{Takano}, T. and {Stutzki}, J. and {Winnewisser}, G. and {Fukui}, Y.
	},
    title = "{High-angular-resolution NH3 observations of the bipolar flow source near NGC 2071}",
  journal = {\aap},
 keywords = {Ammonia, Interstellar Matter, Molecular Clouds, Molecular Spectra, Star Formation, Angular Resolution, Astronomical Models, High Resolution, Infrared Sources (Astronomy), Reflection Nebulae},
     year = 1986,
    month = oct,
   volume = 167,
    pages = {333-340},
   adsurl = {http://adsabs.harvard.edu/abs/1986A%26A...167..333T},
  adsnote = {Provided by the SAO/NASA Astrophysics Data System}
}
@article{Lada1985,
author = {Lada, Charles J.},
title = {Cold Outflows, Energetic Winds, and Enigmatic Jets around Young Stellar Objects},
journal = {Annual Review of Astronomy and Astrophysics},
volume = {23},
number = {1},
pages = {267-317},
year = {1985},
doi = {10.1146/annurev.aa.23.090185.001411},

URL = {http://www.annualreviews.org/doi/abs/10.1146/annurev.aa.23.090185.001411},
eprint = {http://www.annualreviews.org/doi/pdf/10.1146/annurev.aa.23.090185.001411}
}
@INPROCEEDINGS{Myers1985,
   author = {{Myers}, P.~C.},
    title = "{Molecular cloud cores}",
 keywords = {Cores, Interstellar Gas, Molecular Clouds, Protostars, Astronomical Maps, Astronomical Photography, Density Distribution, Gravitational Collapse, Interstellar Magnetic Fields},
booktitle = {Protostars and Planets II},
     year = 1985,
   editor = {{Black}, D.~C. and {Matthews}, M.~S.},
    pages = {81-103},
   adsurl = {http://adsabs.harvard.edu/abs/1985prpl.conf...81M},
  adsnote = {Provided by the SAO/NASA Astrophysics Data System}
}
@ARTICLE{Edwards1984,
   author = {{Edwards}, S. and {Snell}, R.~L.},
    title = "{A survey of high-velocity molecular gas near Herbig-Haro objects. II}",
  journal = {\apj},
 keywords = {Herbig-Haro Objects, Interstellar Gas, Molecular Gases, Stellar Mass Ejection, Carbon Monoxide, Infrared Spectra, Water Masers},
     year = 1984,
    month = jun,
   volume = 281,
    pages = {237-249},
      doi = {10.1086/162093},
   adsurl = {http://adsabs.harvard.edu/abs/1984ApJ...281..237E},
  adsnote = {Provided by the SAO/NASA Astrophysics Data System}
}
@ARTICLE{Bally1983,
   author = {{Bally}, J. and {Lada}, C.~J.},
    title = "{The high-velocity molecular flows near young stellar objects}",
  journal = {\apj},
 keywords = {Carbon Monoxide, Interstellar Gas, Molecular Flow, Stellar Evolution, Stellar Winds, Early Stars, Gas Flow, Infrared Radiation, Mass, Molecular Clouds, Spectral Line Width, Velocity Distribution},
     year = 1983,
    month = feb,
   volume = 265,
    pages = {824-847},
      doi = {10.1086/160729},
   adsurl = {http://adsabs.harvard.edu/abs/1983ApJ...265..824B},
  adsnote = {Provided by the SAO/NASA Astrophysics Data System}
}
@ARTICLE{Edwards1983,
   author = {{Edwards}, S. and {Snell}, R.~L.},
    title = "{A survey of high-velocity molecular gas in the vicinity of Herbig-Haro objects. I}",
  journal = {\apj},
 keywords = {Herbig-Haro Objects, Molecular Gases, Stellar Winds, Far Infrared Radiation, Flow Velocity, H Alpha Line, Main Sequence Stars, Nebulae, Stellar Mass Ejection},
     year = 1983,
    month = jul,
   volume = 270,
    pages = {605-619},
      doi = {10.1086/161152},
   adsurl = {http://adsabs.harvard.edu/abs/1983ApJ...270..605E},
  adsnote = {Provided by the SAO/NASA Astrophysics Data System}
}
@ARTICLE{Edwards1982,
   author = {{Edwards}, S. and {Snell}, R.~L.},
    title = "{A search for high-velocity molecular gas around T Tauri stars}",
  journal = {\apj},
 keywords = {Interstellar Gas, Main Sequence Stars, Molecular Clouds, Stellar Envelopes, Stellar Winds, T Tauri Stars, Nebulae, Red Shift, Spatial Distribution, Stellar Mass Ejection},
     year = 1982,
    month = oct,
   volume = 261,
    pages = {151-160},
      doi = {10.1086/160326},
   adsurl = {http://adsabs.harvard.edu/abs/1982ApJ...261..151E},
  adsnote = {Provided by the SAO/NASA Astrophysics Data System}
}
@ARTICLE{Snell1980,
   author = {{Snell}, R.~L. and {Loren}, R.~B. and {Plambeck}, R.~L.},
    title = "{Observations of CO in L1551 - Evidence for stellar wind driven shocks}",
  journal = {\apjl},
 keywords = {Carbon Monoxide, Infrared Spectra, Interstellar Matter, Stellar Evolution, Stellar Structure, Stellar Winds, Emission Spectra, Herbig-Haro Objects, Kinetic Energy, Plasma Clouds, Shock Waves, Stellar Mass Ejection},
     year = 1980,
    month = jul,
   volume = 239,
    pages = {L17-L22},
      doi = {10.1086/183283},
   adsurl = {http://adsabs.harvard.edu/abs/1980ApJ...239L..17S},
  adsnote = {Provided by the SAO/NASA Astrophysics Data System}
}
@ARTICLE{Leung1977,
   author = {{Leung}, C.~M. and {Brown}, R.~L.},
    title = "{On the interpretation of carbon monoxide self-absorption profiles seen toward embedded stars in dense interstellar clouds}",
  journal = {\apjl},
 keywords = {Carbon Monoxide, Interstellar Matter, Line Spectra, Self Absorption, Astronomical Models, Cloud Physics, Gravitational Collapse, Radiative Transfer, Velocity Distribution},
     year = 1977,
    month = jun,
   volume = 214,
    pages = {L73-L78},
      doi = {10.1086/182446},
   adsurl = {http://adsabs.harvard.edu/abs/1977ApJ...214L..73L},
  adsnote = {Provided by the SAO/NASA Astrophysics Data System}
}
@ARTICLE{Shu1977,
   author = {{Shu}, F.~H.},
    title = "{Self-similar collapse of isothermal spheres and star formation}",
  journal = {\apj},
 keywords = {Density Distribution, Gravitational Collapse, Isothermal Flow, Protostars, Star Formation, Stellar Structure, Critical Point, Runge-Kutta Method, Similarity Theorem, Steady State, Stellar Envelopes},
     year = 1977,
    month = jun,
   volume = 214,
    pages = {488-497},
      doi = {10.1086/155274},
   adsurl = {http://adsabs.harvard.edu/abs/1977ApJ...214..488S},
  adsnote = {Provided by the SAO/NASA Astrophysics Data System}
}
@ARTICLE{Snell1977,
   author = {{Snell}, R.~L. and {Loren}, R.~B.},
    title = "{Self-reversed CO profiles in collapsing molecular clouds}",
  journal = {\apj},
 keywords = {Carbon Monoxide, Gravitational Collapse, Interstellar Matter, Line Spectra, Molecular Spectra, Nebulae, Astronomical Models, Astronomical Spectroscopy, Cosmic Dust, Emission Spectra, Spectral Line Width},
     year = 1977,
    month = jan,
   volume = 211,
    pages = {122-127},
      doi = {10.1086/154909},
   adsurl = {http://adsabs.harvard.edu/abs/1977ApJ...211..122S},
  adsnote = {Provided by the SAO/NASA Astrophysics Data System}
}
@ARTICLE{Heiles1976,
   author = {{Heiles}, C. and {Katz}, G.},
    title = "{The absence of systematic kinematics in dust clouds}",
  journal = {\aj},
 keywords = {Astronomical Maps, Cosmic Dust, Formaldehyde, Interstellar Matter, Microwave Spectra, Cloud Physics, Kinematics, Line Spectra, Nebulae, Velocity Distribution},
     year = 1976,
    month = jan,
   volume = 81,
    pages = {37-44},
      doi = {10.1086/111850},
   adsurl = {http://adsabs.harvard.edu/abs/1976AJ.....81...37H},
  adsnote = {Provided by the SAO/NASA Astrophysics Data System}
}
@ARTICLE{York1976,
   author = {{York}, D.~G. and {Rogerson}, Jr., J.~B.},
    title = "{The abundance of deuterium relative to hydrogen in interstellar space}",
  journal = {\apj},
 keywords = {Abundance, Deuterium, Hydrogen Atoms, Interstellar Gas, Lyman Spectra, Gas Density, Graphs (Charts), H Lines, Lyman Alpha Radiation, Lyman Beta Radiation, Spaceborne Astronomy, Spectrum Analysis, Tables (Data)},
     year = 1976,
    month = jan,
   volume = 203,
    pages = {378-385},
      doi = {10.1086/154089},
   adsurl = {http://adsabs.harvard.edu/abs/1976ApJ...203..378Y},
  adsnote = {Provided by the SAO/NASA Astrophysics Data System}
}
@ARTICLE{Larson1969,
   author = {{Larson}, R.~B.},
    title = "{Numerical calculations of the dynamics of collapsing proto-star}",
  journal = {\mnras},
     year = 1969,
   volume = 145,
    pages = {271},
   adsurl = {http://adsabs.harvard.edu/abs/1969MNRAS.145..271L},
  adsnote = {Provided by the SAO/NASA Astrophysics Data System}
}
@ARTICLE{SCUBA2data,
   author = {{Holland}, W.~S. and {Bintley}, D. and {Chapin}, E.~L. and {Chrysostomou}, A. and 
	{Davis}, G.~R. and {Dempsey}, J.~T. and {Duncan}, W.~D. and 
	{Fich}, M. and {Friberg}, P. and {Halpern}, M. and {Irwin}, K.~D. and 
	{Jenness}, T. and {Kelly}, B.~D. and {MacIntosh}, M.~J. and 
	{Robson}, E.~I. and {Scott}, D. and {Ade}, P.~A.~R. and {Atad-Ettedgui}, E. and 
	{Berry}, D.~S. and {Craig}, S.~C. and {Gao}, X. and {Gibb}, A.~G. and 
	{Hilton}, G.~C. and {Hollister}, M.~I. and {Kycia}, J.~B. and 
	{Lunney}, D.~W. and {McGregor}, H. and {Montgomery}, D. and 
	{Parkes}, W. and {Tilanus}, R.~P.~J. and {Ullom}, J.~N. and 
	{Walther}, C.~A. and {Walton}, A.~J. and {Woodcraft}, A.~L. and 
	{Amiri}, M. and {Atkinson}, D. and {Burger}, B. and {Chuter}, T. and 
	{Coulson}, I.~M. and {Doriese}, W.~B. and {Dunare}, C. and {Economou}, F. and 
	{Niemack}, M.~D. and {Parsons}, H.~A.~L. and {Reintsema}, C.~D. and 
	{Sibthorpe}, B. and {Smail}, I. and {Sudiwala}, R. and {Thomas}, H.~S.
	},
    title = "{SCUBA-2: the 10 000 pixel bolometer camera on the James Clerk Maxwell Telescope}",
  journal = {\mnras},
archivePrefix = "arXiv",
   eprint = {1301.3650},
 primaryClass = "astro-ph.IM",
 keywords = {instrumentation: detectors, submillimetre: general},
     year = 2013,
    month = apr,
   volume = 430,
    pages = {2513-2533},
      doi = {10.1093/mnras/sts612},
   adsurl = {http://cdsads.u-strasbg.fr/abs/2013MNRAS.430.2513H},
  adsnote = {Provided by the SAO/NASA Astrophysics Data System}
}
@ARTICLE{SCUBA2datareduction,
   author = {{Chapin}, E.~L. and {Berry}, D.~S. and {Gibb}, A.~G. and {Jenness}, T. and 
	{Scott}, D. and {Tilanus}, R.~P.~J. and {Economou}, F. and {Holland}, W.~S.
	},
    title = "{SCUBA-2: iterative map-making with the Sub-Millimetre User Reduction Facility}",
  journal = {\mnras},
archivePrefix = "arXiv",
   eprint = {1301.3652},
 primaryClass = "astro-ph.IM",
 keywords = {methods: data analysis, methods: observational, techniques: image processing, submillimetre: general},
     year = 2013,
    month = apr,
   volume = 430,
    pages = {2545-2573},
      doi = {10.1093/mnras/stt052},
   adsurl = {http://cdsads.u-strasbg.fr/abs/2013MNRAS.430.2545C},
  adsnote = {Provided by the SAO/NASA Astrophysics Data System}
}

@ARTICLE{lee01,
   author = {{Lee}, C.~W. and {Myers}, P.~C.},
    title = "{Internal Motions in Starless Dense Cores}",
  journal = {\apj},
archivePrefix = "arXiv",
   eprint = {1104.2950},
 primaryClass = "astro-ph.SR",
 keywords = {ISM: clouds, ISM: kinematics and dynamics},
     year = 2011,
    month = jun,
   volume = 734,
      eid = {60},
    pages = {60},
      doi = {10.1088/0004-637X/734/1/60},
   adsurl = {http://adsabs.harvard.edu/abs/2011ApJ...734...60L},
  adsnote = {Provided by the SAO/NASA Astrophysics Data System}
}

@ARTICLE{myers05,
   author = {{Myers}, P.~C.},
    title = "{Centrally Condensed Collapse of Starless Cores}",
  journal = {\apj},
   eprint = {astro-ph/0501127},
 keywords = {ISM: Clouds, Stars: Formation},
     year = 2005,
    month = apr,
   volume = 623,
    pages = {280-290},
      doi = {10.1086/428386},
   adsurl = {http://adsabs.harvard.edu/abs/2005ApJ...623..280M},
  adsnote = {Provided by the SAO/NASA Astrophysics Data System}
}

@ARTICLE{foster93,
   author = {{Foster}, P.~N. and {Chevalier}, R.~A.},
    title = "{Gravitational Collapse of an Isothermal Sphere}",
  journal = {\apj},
 keywords = {STARS: PRE-MAIN-SEQUENCE, HYDRODYNAMICS, STARS: FORMATION},
     year = 1993,
    month = oct,
   volume = 416,
    pages = {303},
      doi = {10.1086/173236},
   adsurl = {http://adsabs.harvard.edu/abs/1993ApJ...416..303F},
  adsnote = {Provided by the SAO/NASA Astrophysics Data System}
}

@ARTICLE{walsh06,
   author = {{Walsh}, A.~J. and {Bourke}, T.~L. and {Myers}, P.~C.},
    title = "{Observations of Global and Local Infall in NGC 1333}",
  journal = {\apj},
   eprint = {astro-ph/0510066},
 keywords = {ISM: Clouds, ISM: Kinematics and Dynamics, Stars: Formation},
     year = 2006,
    month = feb,
   volume = 637,
    pages = {860-868},
      doi = {10.1086/498564},
   adsurl = {http://adsabs.harvard.edu/abs/2006ApJ...637..860W},
  adsnote = {Provided by the SAO/NASA Astrophysics Data System}
}

@ARTICLE{simpson11,
   author = {{Simpson}, R.~J. and {Johnstone}, D. and {Nutter}, D. and {Ward-Thompson}, D. and 
	{Whitworth}, A.~P.},
    title = "{The initial conditions of isolated star formation - X. A suggested evolutionary diagram for pre-stellar cores}",
  journal = {\mnras},
archivePrefix = "arXiv",
   eprint = {1106.1885},
 keywords = {stars: formation, infrared: ISM, submillimetre: ISM},
     year = 2011,
    month = oct,
   volume = 417,
    pages = {216-227},
      doi = {10.1111/j.1365-2966.2011.19163.x},
   adsurl = {http://adsabs.harvard.edu/abs/2011MNRAS.417..216S},
  adsnote = {Provided by the SAO/NASA Astrophysics Data System}
}

@ARTICLE{Kirk07e,
   author = {{Kirk}, H. and {Johnstone}, D. and {Di Francesco}, J.},
    title = "{Erratum: ``The Large- and Small-Scale Structures of Dust in the Star-forming Perseus Molecular Cloud'' (<A href=''/abs/2006ApJ...646.1009K''>ApJ, 646, 1009 [2006]</A>)}",
  journal = {\apj},
     year = 2007,
    month = nov,
   volume = 669,
    pages = {657-660},
      doi = {10.1086/521549},
   adsurl = {http://adsabs.harvard.edu/abs/2007ApJ...669..657K},
  adsnote = {Provided by the SAO/NASA Astrophysics Data System}
}

@ARTICLE{ossen94,
   author = {{Ossenkopf}, V. and {Henning}, T.},
    title = "{Dust opacities for protostellar cores}",
  journal = {\aap},
 keywords = {Coagulation, Dust, Opacity, Protostars, Star Formation, Stellar Cores, Stellar Models, Absorptivity, Gas Density, Infrared Astronomy, Interstellar Extinction, Optical Properties, Radio Astronomy, Stellar Composition},
     year = 1994,
    month = nov,
   volume = 291,
    pages = {943-959},
   adsurl = {http://adsabs.harvard.edu/abs/1994A%26A...291..943O},
  adsnote = {Provided by the SAO/NASA Astrophysics Data System}
}

@ARTICLE{doty97,
   author = {{Doty}, S.~D. and {Neufeld}, D.~A.},
    title = "{Models for Dense Molecular Cloud Cores}",
  journal = {\apj},
   eprint = {astro-ph/9707171},
 keywords = {ISM: Abundances, ISM: Clouds, ISM: Molecules, Molecular Processes, Radiative Transfer, Radio Lines: ISM},
     year = 1997,
    month = nov,
   volume = 489,
    pages = {122-142},
   adsurl = {http://adsabs.harvard.edu/abs/1997ApJ...489..122D},
  adsnote = {Provided by the SAO/NASA Astrophysics Data System}
}

@ARTICLE{goldsmith01,
   author = {{Goldsmith}, P.~F.},
    title = "{Molecular Depletion and Thermal Balance in Dark Cloud Cores}",
  journal = {\apj},
 keywords = {ISM: Clouds, ISM: Globules, ISM: Molecules, Molecular Processes},
     year = 2001,
    month = aug,
   volume = 557,
    pages = {736-746},
      doi = {10.1086/322255},
   adsurl = {http://adsabs.harvard.edu/abs/2001ApJ...557..736G},
  adsnote = {Provided by the SAO/NASA Astrophysics Data System}
}

@ARTICLE{lada03,
   author = {{Lada}, C.~J. and {Bergin}, E.~A. and {Alves}, J.~F. and {Huard}, T.~L.
	},
    title = "{The Dynamical State of Barnard 68: A Thermally Supported, Pulsating Dark Cloud}",
  journal = {\apj},
   eprint = {astro-ph/0211507},
 keywords = {ISM: Clouds, ISM: Globules, ISM: Molecules, Radio Lines: ISM},
     year = 2003,
    month = mar,
   volume = 586,
    pages = {286-295},
      doi = {10.1086/367610},
   adsurl = {http://adsabs.harvard.edu/abs/2003ApJ...586..286L},
  adsnote = {Provided by the SAO/NASA Astrophysics Data System}
}

@ARTICLE{lee11,
   author = {{Lee}, C.~W. and {Myers}, P.~C.},
    title = "{Internal Motions in Starless Dense Cores}",
  journal = {\apj},
archivePrefix = "arXiv",
   eprint = {1104.2950},
 primaryClass = "astro-ph.SR",
 keywords = {ISM: clouds, ISM: kinematics and dynamics},
     year = 2011,
    month = jun,
   volume = 734,
      eid = {60},
    pages = {60},
      doi = {10.1088/0004-637X/734/1/60},
   adsurl = {http://adsabs.harvard.edu/abs/2011ApJ...734...60L},
  adsnote = {Provided by the SAO/NASA Astrophysics Data System}
}

@ARTICLE{broderick10,
   author = {{Broderick}, A.~E. and {Keto}, E.},
    title = "{The Evolution of Cloud Cores and the Formation of Stars}",
  journal = {\apj},
archivePrefix = "arXiv",
   eprint = {1006.0733},
 primaryClass = "astro-ph.SR",
 keywords = {hydrodynamics, ISM: clouds, ISM: kinematics and dynamics, stars: formation},
     year = 2010,
    month = sep,
   volume = 721,
    pages = {493-504},
      doi = {10.1088/0004-637X/721/1/493},
   adsurl = {http://adsabs.harvard.edu/abs/2010ApJ...721..493B},
  adsnote = {Provided by the SAO/NASA Astrophysics Data System}
}

